<record><leader>00000cas a2200000 a 4500</leader><controlfield tag="001">9655451</controlfield><controlfield tag="007">hd afb016baca</controlfield><controlfield tag="007">hd bfb016baaa</controlfield><controlfield tag="007">hd bfb016baba</controlfield><controlfield tag="008">830629d18811894nyuwr nea     0    0eng c</controlfield><datafield ind1=" " ind2=" " tag="010"><subfield code="a">  2001221635</subfield></datafield><datafield ind1=" " ind2=" " tag="040"><subfield code="a">VYN</subfield><subfield code="b">eng</subfield><subfield code="c">VYN</subfield><subfield code="d">ATL</subfield><subfield code="d">NYS</subfield><subfield code="d">OCL</subfield><subfield code="d">ATL</subfield><subfield code="d">OCLCQ</subfield><subfield code="d">DLC</subfield><subfield code="d">OCLCF</subfield></datafield><datafield ind1="1" ind2=" " tag="029"><subfield code="a">IG#</subfield><subfield code="b">9780516223797</subfield></datafield><datafield ind1=" " ind2=" " tag="042"><subfield code="a">pcc</subfield></datafield><datafield ind1=" " ind2=" " tag="043"><subfield code="a">n-us---</subfield></datafield><datafield ind1="1" ind2="4" tag="050"><subfield code="a">BX6201</subfield></datafield><datafield ind1="0" ind2=" " tag="130"><subfield code="a">Examiner (New York, N.Y. : 1881)</subfield></datafield><datafield ind1="1" ind2="4" tag="245"><subfield code="a">The examiner</subfield><subfield code="h">[microform].</subfield></datafield><datafield ind1=" " ind2=" " tag="260"><subfield code="a">New York :</subfield><subfield code="b">Bright, Church, and Co.,</subfield><subfield code="c">1881-1894.</subfield></datafield><datafield ind1=" " ind2=" " tag="300"><subfield code="a">15 v. :</subfield><subfield code="b">ill. ;</subfield><subfield code="c">33-41 cm.</subfield></datafield><datafield ind1=" " ind2=" " tag="310"><subfield code="a">Weekly</subfield></datafield><datafield ind1="0" ind2=" " tag="362"><subfield code="a">Vol. 58, no. 50 (Dec. 15, 1881)-v. 72, no. 41 (Oct. 11, 1894).</subfield></datafield><datafield ind1=" " ind2=" " tag="515"><subfield code="a">Issues for 1890 called v. 67 and v. 68.</subfield></datafield><datafield ind1=" " ind2=" " tag="580"><subfield code="a">Merged with: National Baptist; to form: Examiner and national Baptist.</subfield></datafield><datafield ind1=" " ind2=" " tag="533"><subfield code="a">Microfilm.</subfield><subfield code="m">v.58-72 (1881-1894)</subfield><subfield code="b">Evanston, Ill. :</subfield><subfield code="c">American Theological Library Association,</subfield><subfield code="d">1980.</subfield><subfield code="e">7 microfilm reels ; 35 mm.</subfield><subfield code="f">(ATLA serials preservation program ; ATLA film R0106C).</subfield><subfield code="n">Reel 1 includes some issues of: Examiner and chronicle.</subfield></datafield><datafield ind1=" " ind2="0" tag="650"><subfield code="a">Baptists</subfield><subfield code="z">United States</subfield><subfield code="v">Periodicals.</subfield></datafield><datafield ind1=" " ind2="7" tag="655"><subfield code="a">Periodicals.</subfield><subfield code="2">fast</subfield><subfield code="0">(OCoLC)fst01411641</subfield></datafield><datafield ind1=" " ind2="7" tag="650"><subfield code="a">Baptists.</subfield><subfield code="2">fast</subfield><subfield code="0">(OCoLC)fst00827285</subfield></datafield><datafield ind1=" " ind2="7" tag="651"><subfield code="a">United States.</subfield><subfield code="2">fast</subfield><subfield code="0">(OCoLC)fst01204155</subfield></datafield><datafield ind1="1" ind2=" " tag="776"><subfield code="c">Original</subfield><subfield code="w">(DLC)sn 84031753</subfield><subfield code="w">(OCoLC)7156975</subfield></datafield><datafield ind1="0" ind2="0" tag="780"><subfield code="t">Examiner and chronicle</subfield><subfield code="w">(DLC)  2001221634</subfield><subfield code="w">(OCoLC)9655253</subfield></datafield><datafield ind1="1" ind2="7" tag="785"><subfield code="t">National Baptist</subfield><subfield code="w">(DLC)sn 99016359</subfield><subfield code="w">(OCoLC)42611315</subfield></datafield><datafield ind1="1" ind2="7" tag="785"><subfield code="t">Examiner and national Baptist</subfield></datafield><datafield ind1=" " ind2="0" tag="830"><subfield code="a">ATLA serials preservation program ;</subfield><subfield code="v">ATLA film R0106C.</subfield></datafield></record>